<?xml version="1.0" encoding="UTF-8"?>
<collection xmlns:xsi="http://www.w3.org/2001/XMLSchema-instance" xsi:schemaLocation="http://www.loc.gov/MARC21/slim http://www.loc.gov/standards/marcxml/schema/MARC21slim.xsd" xmlns="http://www.loc.gov/MARC21/slim">
<record>
  <leader>00879cam a2200241Ia 4500</leader>
  <controlfield tag="001">5367823</controlfield>
  <controlfield tag="003">NNC</controlfield>
  <controlfield tag="005">20150920223114.0</controlfield>
  <controlfield tag="008">990301s1965    iq           f000 0 ara d</controlfield>
  <datafield tag="035" ind1=" " ind2=" ">
    <subfield code="a">(OCoLC)ocm40878794</subfield>
  </datafield>
  <datafield tag="035" ind1=" " ind2=" ">
    <subfield code="a">(NNC)5367823</subfield>
  </datafield>
  <datafield tag="040" ind1=" " ind2=" ">
    <subfield code="a">DGU</subfield>
    <subfield code="c">DGU</subfield>
    <subfield code="d">ZCU</subfield>
  </datafield>
  <datafield tag="043" ind1=" " ind2=" ">
    <subfield code="a">a-iq---</subfield>
  </datafield>
  <datafield tag="099" ind1=" " ind2=" ">
    <subfield code="a">956</subfield>
    <subfield code="a">Ir26 v.9</subfield>
  </datafield>
  <datafield tag="100" ind1="1" ind2=" ">
    <subfield code="a">Sāmarrāʼī, Yūnus Ibrāhīm.</subfield>
  </datafield>
  <datafield tag="245" ind1="1" ind2="3">
    <subfield code="a">al-Alʻāb al-shaʻbīyah li-ṣabyān Samarrāʾī /</subfield>
    <subfield code="c">Yūnus al-Shaykh Ibrāhīm Samarrāʾī.</subfield>
  </datafield>
  <datafield tag="260" ind1=" " ind2=" ">
    <subfield code="a">Baghdād :</subfield>
    <subfield code="b">Mudīrīyat al-Funūn wa-al-Thaqāfah al-Shaʻbīyah fī Wizārat al-Thaqāfah wa-al-Irshād,</subfield>
    <subfield code="c">1965.</subfield>
  </datafield>
  <datafield tag="300" ind1=" " ind2=" ">
    <subfield code="a">64 p. ;</subfield>
    <subfield code="c">24 cm.</subfield>
  </datafield>
  <datafield tag="490" ind1="1" ind2=" ">
    <subfield code="a">Silsilah al-thaqāfīyah ;</subfield>
    <subfield code="v">9</subfield>
  </datafield>
  <datafield tag="650" ind1=" " ind2="0">
    <subfield code="a">Games, Arab</subfield>
    <subfield code="z">Iraq</subfield>
    <subfield code="z">Sāmarrāʼ.</subfield>
  </datafield>
  <datafield tag="651" ind1=" " ind2="0">
    <subfield code="a">Sāmarrāʼ (Iraq)</subfield>
    <subfield code="x">Social life and customs.</subfield>
  </datafield>
  <datafield tag="830" ind1=" " ind2="0">
    <subfield code="a">Silsilah al-thaqāfīyah ;</subfield>
    <subfield code="v">9.</subfield>
  </datafield>
  <datafield tag="955" ind1=" " ind2=" ">
    <subfield code="b">0026812568</subfield>
    <subfield code="d">glx</subfield>
    <subfield code="e">956 Ir26 v.9</subfield>
  </datafield>
</record>
</collection>